3384 5267
459 501 522 568 216
754 499 822 570 dasse
838 500 980 573 maman.
1015 501 1114 560 aare
1131 501 1236 573 amoc.

551 672 639 738 Paul.
662 671 700 738 ir.
722 673 765 738 23
786 672 824 738 N.
847 673 886 740 G.
909 674 939 756 3,
960 672 991 740 5.

587 780 696 858 potest
725 782 831 842 tamen
854 777 992 843 creditor
1012 779 1111 844 etiam
1142 779 1243 846 inuito
1265 785 1444 845 moratum
1473 780 1533 846 ha·

523 879 627 945 hendo
649 880 816 962 pecuniam
839 898 930 946 suam
950 880 1064 964 iacere,
1086 882 1162 965 quia
1183 888 1371 964 procurator
1393 885 1424 949 in
1447 883 1533 949 acci-

523 982 640 1064 piendo
662 983 829 1048 creditoris
851 984 1020 1050 dumtaxat
1041 986 1204 1066 negotium
1225 986 1334 1067 gessit

545 1085 707 1167 iberielbm
729 1084 843 1171 deficit
864 1100 929 1155 aar

545 1187 617 1270 Ulp.
640 1187 677 1252 fr.
702 1189 742 1254 42
764 1189 782 1271 ξ
807 1189 823 1254 1
847 1189 885 1253 d
909 1208 939 1255 u.
962 1191 1000 1256 A„
1023 1190 1058 1256 P.
1081 1191 1133 1271 41,
1155 1192 1186 1256 2.

590 1289 783 1356 Procurator
813 1293 840 1356 si
863 1292 991 1374 quidem
1015 1294 1187 1359 mandante
1209 1292 1336 1359 domino
1358 1312 1426 1359 rem
1448 1313 1535 1359 eme

524 1393 585 1475 rit,
616 1394 762 1475 protinus
790 1393 838 1458 illi
861 1393 1003 1477 adquirit
1024 1395 1271 1477 possessiouem:
1303 1398 1388 1479 quod
1417 1398 1445 1462 si
1475 1416 1538 1462 aua

524 1503 637 1578 sponte
666 1496 796 1574 emerit,
828 1514 887 1560 uon
911 1497 972 1562 nisi
994 1505 1098 1563 ratam
1120 1498 1269 1564 habuerit
1299 1501 1446 1566 domiuus
1470 1519 1538 1566 em-

523 1599 674 1682 ptionem.

546 1701 670 1789 pierias
692 1701 766 1770 mira
788 1719 858 1770 maa
880 1702 977 1786 farra
1000 1703 1143 1772 iteratim
1165 1722 1198 1788 ga
1220 1704 1318 1789 freden
1339 1705 1442 1788 baben,
1480 1707 1536 1772 oba

460 1804 538 1888 maii
560 1805 618 1887 irin
640 1805 803 1888 aluaiprad
826 1807 883 1872 toa
905 1806 1060 1888 (digestum
1079 1806 1200 1892 ietcifft

544 1907 695 1974 Neratius
717 1907 755 1972 fr.
780 1909 820 1974 13
842 1928 890 1991 pr.
913 1910 951 1973 A.
974 1910 1011 1974 R.
1034 1909 1072 1974 Ι).
1095 1910 1147 1990 41,
1172 1912 1200 1976 1.

588 2010 622 2076 Si
652 2019 840 2093 procurator
868 2029 934 2076 rem
964 2012 1042 2077 mihi
1074 2014 1188 2078 emerit
1218 2033 1257 2078 ex
1278 2016 1430 2080 mandato
1465 2035 1538 2080 meo

523 2114 614 2195 eique
636 2115 679 2178 sit
701 2115 825 2180 tradita
847 2133 917 2181 meo
939 2115 1079 2193 nornine,
1110 2115 1285 2181 dominium
1308 2118 1387 2183 mihi
1417 2118 1464 2196 [id
1488 2125 1541 2184 est

522 2217 714 2301 proprietas]
729 2217 768 2302 ¹),
791 2219 974 2301 adquiritur
995 2219 1094 2283 etiam
1115 2219 1285 2300 ignoranti.

545 2318 855 2404 adtigeram)
877 2321 982 2389 aimart
1005 2339 1054 2404 arr,
1088 2321 1144 2404 bai
1165 2322 1211 2388 bie
1234 2323 1336 2405 abigea
1358 2323 1483 2391 &tritta
1506 2325 1540 2391 ia

460 2422 661 2507 iditedprad
683 2425 800 2509 itdrrtea
822 2425 878 2492 mit

545 2524 739 2607 Papinianus
761 2525 799 2590 fr.
822 2529 865 2592 49
888 2532 908 2609 §
930 2527 950 2591 2
972 2527 1012 2590 A.
1034 2545 1063 2590 u.
1088 2528 1126 2590 Δ.
1147 2525 1183 2591 Ρ.
1207 2530 1257 2606 41,
1280 2534 1309 2594 2

587 2629 657 2693 Etsi
678 2629 836 2710 possessio
866 2648 922 2710 per
949 2636 1187 2711 procuratorem
1219 2630 1379 2712 ignoranti
1404 2633 1540 2715 quaeri·

524 2735 588 2810 tur,
609 2733 762 2814 usucapio
784 2750 861 2798 uero
882 2731 994 2796 scienti
1017 2733 1179 2813 competit.

545 2833 618 2916 Ulp.
639 2833 679 2901 ir.
702 2835 785 2914 34§
812 2837 828 2902 1
852 2836 973 2902 eodem.

590 2937 653 3003 Sed
675 2939 703 3003 si
726 2957 787 3003 non
804 2938 892 3020 mihi,
914 2937 971 3004 sed
993 2939 1193 3020 procuratori
1215 2957 1284 3005 meo
1301 2940 1540 3023 possessionem

526 3041 653 3118 tradas,
674 3041 846 3106 uidendum
870 3046 935 3121 est,
964 3040 992 3106 si
1014 3060 1073 3124 ego
1095 3060 1207 3121 errem,
1237 3049 1423 3124 procurator
1446 3064 1541 3112 meus

527 3161 586 3208 nou
610 3150 711 3224 erret,
740 3161 780 3208 an
803 3143 881 3208 mihi
908 3145 1066 3226 possessio
1087 3145 1286 3228 adquiratur.
1316 3152 1442 3212 etcum
1465 3149 1540 3231 pla-

527 3252 598 3311 ceat
619 3245 779 3326 ignoranti
801 3246 938 3329 adquiri,
961 3249 1079 3329 poterit
1100 3252 1135 3313 et
1156 3249 1285 3314 erranti.

548 3348 666 3414 Paulus
686 3347 725 3413 ir.
747 3349 788 3413 47
811 3350 852 3414 de
873 3368 981 3433 usurp.
1003 3353 1056 3433 41,
1079 3353 1108 3415 3.

590 3449 623 3515 Si
646 3455 786 3531 emptam
808 3471 876 3518 rem
899 3454 978 3518 mihi
999 3460 1186 3536 procurator
1208 3455 1372 3538 ignorante
1395 3474 1446 3521 me
1463 3475 1538 3523 meo

526 3553 650 3619 nomine
678 3554 942 3639 adprehenderit,
973 3558 1119 3640 quamuis
1145 3558 1344 3640 possideam,
1373 3577 1444 3624 eam
1475 3579 1539 3625 non

525 3657 725 3739 usucapiam,
754 3659 829 3742 quia
861 3667 898 3726 ut
920 3661 1102 3742 ignorantes
1131 3663 1384 3744 usucaperimuS,
1413 3663 1447 3726 in
1479 3681 1539 3746 pe-

527 3760 698 3826 culiaribus
721 3767 845 3827 tantum
869 3763 965 3830 rebus
988 3771 1154 3847 receptum
1175 3770 1234 3830 est.

548 3863 709 3945 &abactam
730 3866 821 3932 mart
842 3865 1114 3950 (anticimena,
1144 3868 1200 3949 bai
1222 3870 1272 3937 ter
1294 3868 1459 3952 iluaiprad
1483 3871 1539 3936 bea

463 3965 609 4035 maurina
630 3969 697 4051 paci
718 3969 929 4038 antartabate
951 3969 1050 4053 Dioge
1072 3973 1126 4039 mit
1147 3972 1285 4040 maara
1305 3971 1459 4054 cariniqe.

533 4121 558 4186 r)
575 4120 625 4177 itia
640 4085 864 4192 daflatiamaartea
876 4125 962 4182 asora
979 4125 1031 4193 stat
1043 4124 1107 4194 maloi
1118 4123 1194 4194 aidtt
1206 4124 1289 4181 mester
1306 4123 1348 4180 ala
1364 4124 1404 4180 ria
1415 4124 1539 4194 dionem,

462 4207 672 4278 imaorqeqanqerr
690 4215 737 4263 aaa
756 4209 808 4264 trra
826 4209 953 4280 [carnaea
971 4209 1158 4282 autographam

532 4293 558 4359 a)
575 4293 748 4362 deperdant,
765 4295 802 4352 a.
816 4301 865 4349 lto
878 4297 920 4368 fig.
