3384 5267
422 507 483 574 152
715 505 783 575 litiis
800 505 943 577 andlong.
978 505 1078 564 maiae
1095 507 1198 576 stobibl.

506 677 559 745 &o
581 677 676 761 bibite
698 680 767 761 oudo
789 678 903 762 gebooit
925 677 1018 760 boian

505 779 577 863 Ulp.
601 780 638 846 lr.
664 783 703 847 12
725 801 763 847 ex
785 780 871 863 quib.
895 798 981 847 enus.
1003 781 1034 861 4,
1057 782 1086 849 6.
1133 770 1137 777 ’

548 883 582 948 Is
603 891 725 964 autem,
753 884 809 968 qui
830 885 872 949 de
894 888 983 950 statu
1004 901 1061 949 suu
1082 884 1209 967 litigat,
1238 904 1276 949 ex
1298 901 1361 967 quo
1382 883 1424 949 lis
1444 884 1492 950 in-

485 987 602 1053 choata
624 992 674 1052 esl
697 987 756 1052 boo
773 986 878 1053 edisio
900 1006 961 1052 non
977 985 1171 1052 continetur:
1194 987 1318 1052 tamdiu
1338 986 1440 1069 igitur
1460 986 1492 1052 in

484 1089 641 1155 seruitute
663 1106 733 1155 esse
754 1088 901 1170 uidetur,
930 1089 1082 1172 quamdiu
1104 1107 1165 1153 non
1193 1094 1243 1154 est
1270 1088 1424 1155 eiusmodi
1452 1088 1494 1156 lis

484 1197 605 1274 coepta

506 1294 576 1362 ibn
597 1293 718 1375 bouins
740 1294 863 1380 geilan
885 1296 953 1379 gnei
973 1295 1153 1379 insistitis
1176 1294 1299 1378 bieria.

504 1396 639 1480 Paulus,
660 1396 742 1463 libro
763 1398 876 1478 quinto
898 1396 1020 1463 decimu
1041 1398 1082 1462 ad
1105 1396 1284 1476 Plautium,
1316 1396 1353 1462 ln.
1373 1396 1413 1463 15
1435 1400 1453 1481 ξ
1475 1400 1488 1461 1

420 1499 460 1564 de
482 1518 590 1581 usurp.
611 1500 665 1579 41,
686 1500 716 1566 3.

548 1601 583 1668 Si
596 1620 717 1684 seruus,
734 1620 828 1683 quem
845 1600 1059 1684 possidebam,
1077 1601 1206 1685 fugerit,
1220 1602 1263 1685 [si
1277 1602 1306 1685 ¹)
1318 1621 1376 1684 pro
1390 1602 1492 1669 libero

486 1724 520 1771 se
542 1704 648 1787 gerat]
669 1704 831 1771 uidebitur
853 1724 874 1768 a
894 1704 1022 1770 domino
1049 1704 1220 1786 possideri:
1249 1706 1304 1770 sed
1328 1705 1389 1770 hoe
1416 1713 1492 1772 tunc

484 1807 732 1890 intellegendum
754 1812 814 1888 est,
836 1826 918 1889 cum,
940 1808 967 1873 si
990 1806 1208 1889 adprehensus
1230 1806 1342 1887 luerit,
1365 1826 1425 1873 non
1448 1809 1492 1874 sit

483 1920 617 1993 parabus
638 1930 696 1993 pro
727 1928 785 1976 sua
805 1910 956 1977 libertate
977 1910 1121 1993 litigare:
1151 1928 1222 1975 nam
1245 1911 1273 1975 si
1296 1918 1429 1992 paratus
1450 1911 1493 1977 sit

481 2013 626 2096 litigare,
663 2032 723 2078 non
760 2013 923 2079 uidebitur
958 2032 978 2077 a
1010 2013 1138 2079 domino
1170 2012 1343 2095 possideri,
1376 2012 1427 2080 oui
1457 2032 1492 2079 se

485 2117 702 2182 aduersarium
724 2116 943 2198 praeparauit.

504 2218 593 2303 ibitis
615 2218 812 2303 ssusillimng
835 2219 937 2303 labaim
966 2219 1021 2288 mit
1049 2221 1115 2286 beu·
1134 2220 1260 2287 osberto
1281 2216 1402 2286 &alien
1432 2220 1493 2287 aab

419 2324 471 2389 ber
492 2322 710 2406 betgebtotbteu
734 2322 911 2406 boliossaag
933 2322 964 2391 iu
980 2320 1123 2404 sinuosi
1144 2341 1177 2406 gu
1199 2322 1302 2405 flebam
1346 2323 1392 2393 sn
1415 2322 1493 2391 sinet

419 2427 533 2493 ouban
553 2425 653 2494 &teuc
675 2424 749 2495 uitb
780 2426 851 2492 olet
874 2438 931 2493 ona
953 2426 1074 2505 bouins
1102 2425 1164 2493 eine
1186 2425 1397 2507 dgentimiicbe
1420 2426 1490 2492 diro

420 2528 589 2611 idtiubtng
612 2545 848 2610 notgenootoiea.

505 2630 634 2711 Paulus,
656 2630 739 2696 libro
755 2630 1039 2715 quinquagensimo
1061 2639 1175 2713 qnorso
1195 2631 1236 2696 ad
1254 2629 1392 2697 edictum
1416 2628 1454 2694 lr.
1471 2630 1493 2695 3

419 2731 724 2815 §manns

546 2834 580 2900 Si
607 2854 735 2915 seruus,
764 2856 857 2919 quem
885 2835 1101 2919 possidebam,
1131 2855 1190 2919 pro
1211 2835 1313 2902 libero
1334 2852 1369 2900 se
1390 2840 1492 2917 gerat,

483 2935 533 3024 [ut
551 2937 827 3025 fecitspartoous]
839 2942 870 3018 ³)
893 2945 927 3005 et
949 2939 1099 3005 iudicium
1119 2938 1250 3005 liberale
1269 2938 1339 3021 pati
1358 2944 1492 3021 paratus

483 3039 536 3120 sit,
559 3060 618 3107 non
642 3041 804 3107 uidebitur
824 3061 846 3107 a
868 3042 994 3109 domino
1016 3042 1183 3125 possidem',
1209 3042 1259 3107 cui
1283 3060 1318 3108 se
1340 3041 1492 3106 aduersa-

482 3144 565 3210 rium
587 3151 769 3226 praeparat.
792 3146 850 3211 sed
866 3146 927 3211 hue
949 3144 996 3210 ita
1011 3164 1122 3211 uerum
1145 3150 1205 3224 est,
1227 3145 1253 3209 si
1272 3144 1330 3209 diu
1347 3144 1379 3209 in
1395 3142 1491 3210 liber-

482 3252 550 3312 tole
571 3253 732 3312 moratur:
762 3246 904 3329 alioquin
935 3248 961 3311 ei
984 3266 1022 3312 ex
1044 3246 1241 3328 possessione
1270 3244 1434 3312 seruitutis
1457 3246 1490 3311 in

483 3348 664 3415 libertatem
686 3348 910 3415 reclamauerit
939 3356 973 3414 et
1002 3348 1132 3415 liberale
1161 3349 1311 3416 iudicium
1340 3348 1491 3431 implora-

484 3452 582 3530 uerit,
612 3449 711 3516 nihilo
733 3452 837 3518 minus
867 3452 899 3516 in
921 3450 1117 3534 possessione
1144 3470 1216 3517 mea
1245 3455 1296 3517 est
1325 3458 1358 3517 et
1385 3452 1490 3518 animo

482 3572 554 3619 enm
575 3554 734 3636 possideo,
756 3554 855 3621 donec
878 3553 958 3620 liber
980 3550 1078 3621 luerit
1098 3554 1332 3636 pronuntiatus,

419 3689 571 3759 illigarunt
589 3689 681 3757 goluut.
716 3689 802 3746 &nite
827 3690 869 3759 bd
893 3690 981 3757 buoni
1004 3702 1044 3745 om
1062 3688 1131 3744 iube
1153 3702 1196 3757 got
1213 3688 1319 3758 iniebat
1336 3692 1380 3753 §a
1397 3694 1428 3741 ue
1445 3698 1492 3741 soe

417 3782 444 3838 4,
458 3779 488 3826 8:
505 3792 565 3827 sene
582 3792 632 3825 nno
650 3792 710 3826 eun
726 3780 769 3839 qui
786 3779 899 3839 possidet
917 3778 996 3826 nihilo
1007 3778 1089 3825 minus
1101 3779 1193 3826 autoris
1206 3784 1291 3839 partas
1303 3779 1408 3840 optinet,
1427 3780 1492 3827 sient

418 3866 445 3912 in
461 3863 595 3912 latioribus
611 3863 766 3925 digestorum
783 3864 856 3912 libris
873 3865 1039 3926 opportunlns
1055 3863 1206 3926 apparebit?

488 3948 513 4011 1)
530 3946 608 4003 etos
624 3950 645 3997 sl
663 3947 749 4017 {diligt
765 3946 948 4015 lliommicu
966 3951 1013 3999 etsi
1025 3957 1077 4012 eor,
1094 3946 1146 4004 ente
1157 3947 1233 4017 iieibe
1253 3954 1300 4003 oon
1311 3948 1492 4018 boailbtiitca

417 4033 459 4102 bot
475 4035 533 4083 nus
566 4031 689 4099 alenset
706 4033 734 4102 ill
749 4036 791 4088 bet
807 4046 881 4103 gatae
897 4034 1102 4104 angerinensem
1113 4035 1174 4103 &ab
1187 4034 1227 4091 ein
1238 4034 1357 4104 blebem,
1374 4038 1421 4091 boa
1439 4039 1489 4092 oui

417 4124 448 4169 lt.
466 4124 482 4169 b
500 4123 560 4183 §10
578 4123 609 4169 A.
628 4137 651 4169 n.
667 4123 699 4169 Δ.
711 4123 740 4170 Ρ.
758 4125 915 4176 mmmmm
932 4121 1025 4175 marie.

487 4206 513 4270 2)
530 4204 581 4261 ilie
597 4204 820 4275 eopeuommctten
837 4206 923 4263 ibera
940 4204 990 4275 llub
1008 4204 1054 4261 mit
1072 4204 1251 4275 iiiommlen
1277 4207 1317 4263 oie
1333 4206 1443 4275 bibliam
1459 4219 1490 4275 aa

417 4290 533 4360 meum
