3384 5267
426 557 491 624 274
723 555 791 624 brito
814 555 956 627 itbteiiuup.
991 556 1090 614 buteo
1109 557 1217 626 sopita.

430 730 476 796 eiu
501 729 604 794 malae
626 729 701 796 fidei
723 747 886 811 possessor
909 731 960 813 sadi
989 731 1042 812 oui
1069 731 1154 812 longi
1177 731 1330 813 temporis
1351 732 1509 812 possessio

429 832 551 914 bocaico
574 833 685 914 tonate,
717 832 786 914 tiept
808 833 859 914 [dt
881 833 962 900 einen
986 834 1108 915 iitdptct
1130 833 1174 899 bie
1196 833 1380 917 detinebatur
1401 851 1455 916 pot
1477 835 1508 916 io

430 934 509 1016 ictuc
541 935 625 1018 sidat,
657 935 708 1020 iffi>
731 935 873 1016 obiciatis
896 936 945 1002 oio
975 936 1083 1018 tuideo
1103 955 1137 1020 au
1158 937 1305 1018 tettopen.
1348 937 1425 1004 ittet
1446 936 1507 1003 tie

430 1037 524 1119 [essen
556 1037 674 1120 tioiiat,
708 1038 807 1122 uelde
836 1041 893 1106 tot
923 1037 1090 1121 odpcnuiuc
1120 1038 1313 1121 brictionis
1334 1036 1392 1106 'tat
1421 1049 1509 1120 puter

429 1140 587 1208 stantano
602 1141 651 1216 iiic
666 1143 709 1208 bia
724 1142 812 1223 longi
828 1144 980 1224 temporis
990 1142 1148 1224 possessio
1161 1143 1357 1225 eiuidititcu,
1375 1143 1508 1224 strutar

431 1244 499 1323 oudo
529 1245 622 1325 tiator
651 1245 794 1329 wattun
832 1246 994 1328 negotiabor
1028 1246 1072 1312 bie
1101 1246 1195 1327 uenat
1223 1263 1273 1329 pur
1303 1243 1508 1326 iluueubunp,

432 1347 587 1429 „tiemaro
610 1347 681 1413 tout
704 1349 754 1431 titt
778 1347 868 1430 talbot
889 1351 944 1413 bau
965 1347 1154 1431 fficiitptunb
1175 1349 1362 1425 dutctd'1).

516 1447 578 1516 tite
609 1449 702 1532 dicuat
733 1451 830 1533 tiabat
859 1450 915 1518 tuit
944 1452 1030 1533 inpos
1063 1453 1143 1533 idon
1182 1451 1284 1532 {tibet
1315 1449 1508 1532 gebonbbobt.

430 1550 522 1618 Dauo
544 1549 593 1618 ott
617 1552 663 1619 eiu
684 1553 813 1636 dubitat
835 1552 980 1635 baticibau
1001 1554 1035 1634 iit
1057 1555 1122 1635 bod
1146 1553 1225 1636 uait
1246 1572 1280 1638 au
1301 1554 1461 1634 uetadun

516 1671 542 1720 c.
574 1657 591 1721 1
616 1653 735 1722 Corum.
764 1656 804 1720 de
828 1655 1073 1738 usucapionibus
1105 1659 1134 1736 7,
1156 1657 1199 1724 30
1227 1670 1295 1724 tom
1315 1655 1413 1738 botta
1433 1655 1508 1722 226.

558 1757 619 1837 Qui
659 1777 697 1822 ax
729 1757 884 1825 conducto
921 1759 1079 1841 possidet,
1122 1759 1269 1842 quamuis
1301 1758 1510 1841 corporaliter

496 1866 612 1953 toneat,
635 1881 696 1926 non
720 1867 825 1926 umen
849 1861 919 1940 sibi,
949 1863 1005 1926 sed
1028 1863 1154 1928 domino
1177 1862 1223 1927 rei
1245 1863 1388 1928 creditur
1407 1862 1510 1943 possi-

494 1964 578 2030 dere.
616 1980 717 2045 neque
748 1964 829 2028 enirn
863 1964 972 2030 colono
1006 1965 1056 2031 uel
1089 1964 1273 2033 conductori
1304 1967 1508 2047 praediorum

498 2066 613 2148 longae
635 2067 841 2148 possessionis
864 2067 1075 2150 praescriptio
1098 2069 1272 2152 quaeritur.

516 2169 657 2252 Demadi
687 2171 766 2237 taire
798 2153 842 2236 tic
866 2169 1061 2252 dntuidiuuo
1084 2171 1146 2253 bico
1168 2170 1280 2255 italidt
1303 2172 1428 2253 paucior
1450 2171 1506 2236 uia

432 2273 478 2339 bei
499 2274 550 2340 bct
572 2290 629 2354 pro
653 2271 767 2337 herede
788 2275 949 2356 usucapio.
993 2274 1099 2355 tinioso
1121 2274 1214 2357 iisset
1241 2273 1333 2357 iubat
1354 2275 1417 2340 mur
1448 2273 1507 2338 ads

430 2375 576 2457 panteiano
598 2375 757 2458 brittablo&
778 2375 829 2443 bet
852 2375 936 2440 mala
958 2373 1038 2442 fides
1060 2379 1114 2442 ten
1137 2376 1221 2460 ibeo.

517 2475 671 2558 ibieieiteu
692 2476 798 2561 diuite
821 2492 879 2545 uno
901 2477 1011 2546 &citet
1033 2481 1083 2546 ta
1097 2479 1220 2563 iiddtct
1242 2477 1434 2562 uictctbotctt
1455 2478 1508 2559 sui

431 2578 506 2647 brim
527 2579 743 2662 longissimum
766 2590 901 2661 ternpus.

518 2701 543 2749 c.
566 2684 587 2748 2
612 2682 653 2748 de
674 2700 812 2765 praescr.
843 2683 932 2748 XXX
960 2684 1012 2750 uel
1043 2683 1164 2750 XXXX
1193 2704 1266 2748 ann.
1296 2683 1327 2767 7,
1356 2684 1408 2764 39,
1439 2697 1509 2750 tout

432 2786 527 2871 Scite
548 2785 622 2854 365.

459 2957 464 2968 ,
560 2888 644 2954 Male
678 2889 786 2971 agitur
819 2905 889 2953 cunr
923 2888 1060 2954 dominis
1092 2889 1312 2970 praediorum,
1355 2889 1384 2954 si
1417 2895 1511 2952 tanta

496 2991 639 3073 precario
653 2989 889 3071 possidentibus
902 2991 1128 3073 praerogatiua
1145 2991 1298 3072 defertur,
1317 2998 1353 3056 ut
1368 3008 1421 3056 eos
1435 2996 1510 3072 post

496 3093 709 3176 quadraginta
738 3110 892 3158 annorum
922 3094 1034 3175 spatia
1055 3093 1200 3176 qualibet
1229 3095 1354 3158 ratione
1375 3094 1510 3158 decursa

496 3196 674 3277 inquietare
704 3214 763 3259 non
795 3195 900 3277 liceat,
931 3213 1002 3261 curn
1033 3196 1084 3262 lex
1107 3195 1370 3263 Constantiniana
1400 3195 1510 3262 iubeat

496 3300 534 3364 ab
558 3298 608 3363 bis
630 3297 837 3380 possessionis
860 3296 985 3364 initium
1009 3317 1070 3364 non
1092 3299 1221 3380 requiri.
1244 3299 1297 3380 qui
1319 3299 1382 3364 sibi
1399 3297 1510 3379 potius

496 3420 590 3483 quarn
615 3399 707 3465 alteri
731 3400 952 3482 possederunt,
984 3419 1039 3466 eos
1071 3407 1178 3467 autem
1213 3419 1413 3483 possessores
1445 3418 1508 3464 non

496 3503 642 3572 conuenit
670 3501 835 3585 appellari,
863 3504 917 3585 qui
949 3503 997 3570 ita
1025 3511 1144 3579 tonent,
1178 3511 1215 3580 ut
1243 3505 1283 3570 ob
1315 3505 1374 3570 hoc
1403 3505 1508 3585 ipsum

496 3607 621 3672 solitam
642 3605 780 3671 debeant
802 3613 968 3686 praestare
991 3608 1176 3672 mercedem.
1199 3607 1300 3675 Neruo
1321 3607 1430 3690 igitur,
1452 3606 1510 3687 qni

498 3709 540 3776 ad
568 3707 796 3791 possessionem
835 3709 1007 3774 conductor
1038 3711 1180 3792 accedit,
1214 3710 1270 3775 diu
1306 3710 1426 3775 alienas
1456 3729 1510 3775 res

499 3811 635 3879 tenendo
666 3809 716 3874 ius
738 3810 798 3875 sibi
822 3811 1028 3893 proprietatis
1051 3820 1192 3894 usurpet,
1215 3831 1254 3878 ne
1276 3818 1429 3894 cogantur
1451 3812 1511 3877 do·

498 3915 573 3980 mini
602 3920 660 3978 aut
688 3914 836 3978 amittere
867 3915 951 3996 quod
986 3915 1173 3980 locauerunt
1208 3922 1265 3982 aut
1301 3916 1511 3982 conductores

498 4018 594 4084 utiles
616 4015 678 4082 sibi
700 4015 846 4082 fortassis
869 4017 1035 4084 excludere
1056 4024 1113 4083 aut
1134 4017 1225 4083 annis
1246 4017 1392 4083 omnibus
1412 4035 1512 4100 super

498 4120 635 4186 dominio
658 4137 716 4186 suo
738 4119 864 4200 publice
887 4120 1069 4201 protestari.

434 4221 637 4238 ‘fl

505 4259 529 4322 1)
546 4255 606 4328 1331.
624 4255 680 4323 noda
704 4272 725 4304 o.
747 4259 762 4304 8
781 4257 811 4306 de
830 4257 959 4307 usufructu
978 4261 1003 4318 8,
1021 4260 1053 4307 33
1072 4264 1127 4312 bom
1145 4256 1224 4326 (inbre
1243 4261 1306 4324 29³3
1324 4274 1345 4306 c.
1364 4261 1381 4309 8
1399 4259 1509 4309 debon.

434 4351 499 4394 unet.
518 4345 541 4403 t,
562 4345 592 4392 tt
611 4351 667 4396 bota
684 4339 763 4412 Saite
782 4345 839 4392 294.
