3384 5267
576 537 655 605 dune
672 533 844 604 fibmtimpdt.
1188 535 1253 601 399

176 708 342 792 tomcliprn
364 704 618 793 ssdturrbtltniiie
638 709 737 775 -ein
759 707 931 790 psioiitciee
953 706 1097 790 {interrito
1119 719 1183 775 not
1207 713 1249 791 et,

177 811 295 894 meldas
332 812 377 878 tie
407 813 513 894 addite
543 810 760 894 dmooiotiunp
788 814 860 894 bopo
888 811 1002 878 tottot
1054 809 1175 890 inicient
1204 829 1250 877 tto

179 923 316 983 ornator
338 915 478 998 detineo
506 916 556 982 bet
579 914 787 998 dieiepprbonp
817 913 912 996 dobeo
941 914 996 981 tuit
1025 913 1084 994 ieet
1105 911 1197 995 addet
1218 931 1251 995 pr

176 1025 277 1086 oeten.

265 1155 290 1202 c.
314 1139 334 1202 3
364 1135 397 1202 O.
427 1137 485 1202 dir.
514 1137 605 1203 Unde
634 1136 667 1202 ui
691 1137 730 1217 4,
753 1137 803 1202 22.
846 1137 971 1217 Imppp.
1002 1133 1252 1213 Valentinianae,
1328 1149 1333 1161 ·

173 1239 373 1306 Theodosius
395 1245 428 1305 et
450 1240 607 1306 Arcadius
629 1240 667 1305 d
692 1241 730 1304 A.
751 1240 788 1304 A.
811 1239 853 1303 ad
877 1238 1071 1304 Messianum
1094 1237 1250 1302 Comitem

175 1343 211 1407 It
234 1342 269 1408 P.

303 1461 475 1545 Plerosque
516 1462 676 1528 detectum
719 1467 769 1528 est
801 1481 867 1527 rem
903 1461 1063 1544 priuatam
1100 1468 1251 1540 nostram,

239 1583 333 1646 qnam
356 1564 533 1645 publicatio
548 1564 710 1630 celebrata
725 1565 941 1645 quaesiuerat,
962 1564 1131 1630 inuasisse:
1154 1583 1251 1648 quam

238 1685 294 1731 nos
321 1687 342 1732 a
372 1666 620 1732 retentatoribus
643 1672 788 1747 ereptam
811 1667 927 1732 sociari
949 1667 1095 1732 iubemus
1117 1666 1251 1746 aerario,

238 1771 405 1852 punientes
428 1769 657 1848 contumacius,
685 1787 781 1848 quam
811 1770 909 1834 decus
935 1769 1096 1851 publicum
1118 1770 1251 1850 sinebat,

243 1880 379 1952 erectos,
410 1879 462 1951 ut,
493 1874 548 1954 qui
577 1871 665 1936 litem
694 1871 812 1936 inferre
833 1873 1031 1954 potuissent,
1060 1872 1178 1938 nollent
1199 1893 1252 1938 ex·

245 1983 389 2057 spectare
411 1974 562 2040 iudicium
584 1992 622 2040 ac
642 1980 829 2056 spernerent
844 1976 1021 2055 uictoriam,
1043 1993 1137 2057 quam
1161 1977 1253 2041 iusti·

238 2079 304 2143 tiae
331 2078 588 2160 praescripsisset
609 2085 759 2158 euentus,
791 2084 824 2144 et
845 2078 1133 2160 amplecterentur,
1164 2080 1250 2160 quod

236 2182 380 2246 dedisset
408 2181 552 2246 audacia.
597 2179 701 2246 Oadat
731 2181 832 2262 igitur
864 2180 939 2260 lite,
968 2181 1112 2264 quisquis
1133 2183 1251 2262 operiri

239 2282 374 2348 noluerit
395 2281 462 2349 litis
483 2289 643 2363 euentum,
665 2290 699 2350 et
722 2285 807 2364 quod
829 2285 973 2366 recipere
995 2283 1066 2366 lege
1084 2287 1251 2366 potuisset,

239 2391 439 2468 contemptor
460 2386 613 2452 examinis
635 2387 794 2453 uiolentus
817 2389 955 2454 amittat.
993 2387 1045 2452 Illi
1061 2406 1150 2469 uero,
1172 2407 1252 2471 quos

234 2490 266 2553 in
289 2495 414 2554 tantum
436 2487 576 2555 furorem
599 2490 746 2572 prouexit
767 2491 920 2571 andacia,
951 2476 1002 2568 ut,
1034 2492 1118 2571 quod
1140 2491 1248 2573 iurga-

237 2593 301 2656 turi
332 2593 417 2674 apud
445 2592 598 2659 examinis
626 2591 721 2658 fidem
751 2611 882 2676 sperare
911 2612 973 2658 non
995 2599 1144 2676 possent,
1174 2599 1250 2660 ante

236 2699 385 2762 euentum
408 2695 567 2762 iudicialis
589 2695 716 2763 arbitrii
739 2695 851 2763 illicita
873 2698 1132 2779 praesumptione
1151 2703 1249 2763 teme

236 2804 360 2878 rarent‚
386 2800 639 2866 aestimationem
659 2801 726 2890 rei,
756 2801 796 2865 de
818 2819 882 2883 qua
903 2800 1026 2882 litigari
1048 2806 1251 2880 conuenerat,

237 2907 392 2984 cogantur
420 2902 591 2969 exsoluere
645 2904 738 2981 Quod
766 2903 895 2984 quidem
925 2904 1023 2968 etiarn
1052 2904 1084 2968 in
1113 2903 1249 2985 priuatis

237 3003 467 3070 obseruandum
504 3004 639 3088 negotiis
671 3007 813 3088 generali
843 3006 913 3089 lege
943 3006 1112 3072 sancimus.
1163 3006 1248 3073 Illud

237 3113 343 3172 autem
373 3106 414 3172 ab
445 3105 547 3173 officio
578 3107 831 3189 magnificentiae
869 3116 942 3175 tuae
974 3111 1149 3176 canendum
1179 3128 1249 3176 esse

237 3209 450 3290 decernimus,
485 3217 520 3275 ut
550 3210 765 3276 sacratissima
797 3213 910 3277 domus
939 3218 1049 3277 nostra
1076 3212 1165 3278 litem
1194 3232 1248 3278 ex·

233 3319 387 3394 spectare,
417 3331 478 3378 nnn
500 3311 617 3380 inferre
639 3319 781 3396 cogatur,
813 3333 914 3396 neque
936 3321 1076 3397 expetat,
1110 3319 1168 3382 sed
1190 3336 1247 3398 pa·

237 3414 339 3481 tiatur
353 3434 493 3481 examen.
532 3415 605 3481 Dat.
621 3416 740 3482 XVIII.
762 3417 833 3482 Kal.
850 3417 912 3483 Jul.
936 3418 1087 3496 Treuiris,
1108 3419 1246 3486 Timasio

238 3521 269 3582 et
293 3517 440 3583 Promoto
463 3519 550 3584 coss.
574 3519 676 3604 (389).
801 3529 805 3538 '

258 3636 337 3720 gum
360 3638 554 3719 partenente
577 3639 667 3721 tideo
690 3639 818 3722 deicere
841 3641 876 3725 itt
898 3648 931 3707 eo
953 3641 1153 3725 ettottetlidpf
1185 3649 1246 3709 unt

170 3740 202 3806 in
225 3740 269 3808 bie
291 3740 456 3824 tomoiiperr
477 3741 578 3824 peren
602 3742 880 3827 tiodnponetfetro.

255 3858 396 3944 {inuidit
416 3863 508 3945 aaut
530 3865 586 3929 tot
607 3862 727 3930 {totum
749 3864 839 3946 cinipe
863 3865 1123 3947 &dniedpieitert

260 3979 333 4048 §Oct
357 3979 449 4066 dictet
471 3981 505 4063 iit
528 3981 633 4052 cotim
655 3989 712 4049 out
734 3985 824 4052 ssriet
845 3986 899 4051 ten
924 3989 973 4052 14.
996 3987 1073 4056 euni
1095 3987 1175 4067 389;
1201 3989 1245 4054 tie

172 4083 387 4165 entiprrdente
410 4101 435 4148 c.
460 4085 477 4148 t
502 4084 535 4150 O.
558 4084 588 4151 J.
605 4085 696 4152 Unde
716 4088 748 4151 ui
770 4089 800 4166 8,
822 4090 844 4152 4
866 4089 917 4170 tot
938 4089 1026 4156 seo
1046 4091 1073 4155 t.
1092 4089 1142 4156 15.
1157 4092 1245 4161 nont.

170 4184 232 4252 mo
247 4185 349 4267 disiice
363 4185 545 4270 ssdeototius
560 4189 620 4254 unt
636 4187 830 4257 ffideufinioo
848 4204 947 4260 notro
968 4191 1086 4259 temolo
1107 4194 1176 4260 ciet
1192 4213 1246 4276 got

170 4287 244 4369 aicit
265 4288 298 4354 io
319 4287 426 4371 tritt,
456 4289 579 4372 tentem
609 4291 641 4358 in
664 4291 755 4374 dour,
788 4304 834 4359 too
857 4295 894 4378 tie
916 4313 966 4361 cnr
990 4295 1040 4361 13.
1062 4297 1141 4366 eunt
1161 4297 1245 4380 ittet
